<?xml version="1.0" encoding="UTF-8"?><collection xmlns="http://www.loc.gov/MARC21/slim"><record><leader>00414nam--2200145-i-4500</leader><controlfield tag="001">000047687</controlfield><controlfield tag="002">20161230</controlfield><controlfield tag="005">20161230201046</controlfield><controlfield tag="008">060222s1000------------r-----000-0-eng-d</controlfield><datafield ind1=" " ind2=" " tag="080"><subfield code="a">543.5</subfield></datafield><datafield ind1=" " ind2=" " tag="100"><subfield code="a">Wilson, J.M./S.A.</subfield></datafield><datafield ind1=" " ind2=" " tag="245"><subfield code="a">Manipulations de chimie physique. trad.francaise par s.combet</subfield></datafield><datafield ind1=" " ind2=" " tag="260"><subfield code="a">Paris, Gauthier-villars, 1964, Xii+323p</subfield></datafield><datafield ind1=" " ind2=" " tag="490"><subfield code="a">Collection Enseignement De La Chimie</subfield></datafield><datafield ind1=" " ind2=" " tag="852"><subfield code="a">27261</subfield></datafield></record></collection>